<?xml version="1.0" encoding="UTF-8"?><collection xmlns="http://www.loc.gov/MARC21/slim"><record><leader>00506nam--2200181-i-4500</leader><controlfield tag="001">000011235</controlfield><controlfield tag="002">20161230</controlfield><controlfield tag="005">20170127203824</controlfield><controlfield tag="008">060222s1000------------r-----000-0-eng-d</controlfield><datafield ind1=" " ind2=" " tag="020"><subfield code="a">(76)16</subfield></datafield><datafield ind1=" " ind2=" " tag="100"><subfield code="a">Abdel Malek, N</subfield></datafield><datafield ind1=" " ind2=" " tag="245"><subfield code="a">Model Reduction And Identification Of An Experimental Heat Exchange 100 P</subfield></datafield><datafield ind1=" " ind2=" " tag="260"><subfield code="a">Roma</subfield><subfield code="b">Comitato Nazionale Energia Nucleare</subfield><subfield code="c">1974</subfield></datafield><datafield ind1=" " ind2=" " tag="300"><subfield code="a">52 p</subfield></datafield><datafield ind1=" " ind2=" " tag="490"><subfield code="a">Rt/Ing</subfield></datafield><datafield ind1=" " ind2=" " tag="700"><subfield code="a">Cianciolo, T</subfield></datafield><datafield ind1=" " ind2=" " tag="852"><subfield code="a">621.039.553.34(047.1)</subfield></datafield><datafield ind1=" " ind2=" " tag="CAT"><subfield code="a">SYS</subfield><subfield code="c">20170127</subfield><subfield code="h">203824</subfield></datafield></record></collection>